@book{numstr,
   title =     {Numerische Strömungsmechanik},
   author =    {Prof. Dr. Joel H. Ferziger, Prof. Dr. Milovan Perić (auth.)},
   publisher = {Springer-Verlag Berlin Heidelberg},
   isbn =      {9783540675860,3540675868,9783540682288,3540682287},
   year =      {2008},
   series =    {},
   edition =   {1},
   volume =    {}
}
@article{CFL,
author = {Lewy, H., Friedrichs, K., Courant, R.},
journal = {Mathematische Annalen},
pages = {32-74},
title = {Über die partiellen Differenzengleichungen der mathematischen Physik},
url = {http://eudml.org/doc/159283},
volume = {100},
year = {1928},
}
@book{sor,
   title =     {Applied Iterative Methods},
   author =    {Louis A. Hageman and David M. Young (Auth.)},
   publisher = {Elsevier Inc, Academic Press},
   isbn =      {978-0-12-313340-3,0123133408},
   year =      {1981},
   series =    {Computer Science & Applied Mathematics},
   edition =   {},
   volume =    {},
   url =       {http://gen.lib.rus.ec/book/index.php?md5=A48158EBA3FE1E6D96C209D9C0924E2E}}
